@article{mathis,
	author = {Mathis, Matthew and Semke, Jeffrey and Mahdavi, Jamshid},
	title = {The Macroscopic Behavior of the TCP Congestion Avoidance Algorithm},
	journal = {Computer Communication Review},
	issue_date = {July 1997},
	volume = {27},
	number = {3},
	month = jul,
	year = {1997},
	issn = {0146-4833},
	publisher = {ACM SIGCOMM},
}
